@book{schlichting2017boundary,
    title = {Boundary-Layer Theory},
    author = {Schlichting, Hermann and Gersten, Klaus},
    year = {2017},
    publisher = {Springer Berlin, Heidelberg},
    doi = {10.1007/978-3-662-52919-5},
    edition = {9},
    isbn_ebook = {978-3-662-52919-5},
}


@book{gill1982atmosphere,
    title = {Atmosphere—Ocean Dynamics},
    editor = {Gill, Adrian E.},
    year = {1982},
    volume = {30},
    publisher = {Academic Press},
    address = {London},
    pages = {1-662}
}

@article{callaham2021learning,
    title = {Learning dominant physical processes with data-driven balance models},
    author = {Callaham, J.L. and Koch, J.V. and Brunton, B.W. et al.},
    year = {2021},
    journal = {Nature Communications},
    volume = {12},
    pages = {1016},
    doi = {10.1038/s41467-021-21331-z}
}

@article{dubief2022first,
  title = {First coherent structure in elasto-inertial turbulence},
  author = {Dubief, Y. and Page, J. and Kerswell, R. R. and Terrapon, V. E. and Steinberg, V.},
  journal = {Phys. Rev. Fluids},
  volume = {7},
  issue = {7},
  pages = {073301},
  numpages = {21},
  year = {2022},
  month = {Jul},
  publisher = {American Physical Society},
  doi = {10.1103/PhysRevFluids.7.073301},
  url = {https://link.aps.org/doi/10.1103/PhysRevFluids.7.073301}
}


@article{Samanta2012eit,
  title={Elasto-inertial turbulence},
  author={Devranjan Samanta and Yves Dubief and Markus Holzner and Christof Sch{\"a}fer and Alexander Morozov and Christian Wagner and Bj{\"o}rn Hof},
  journal={Proceedings of the National Academy of Sciences},
  year={2012},
  volume={110},
  pages={10557 - 10562},
  url={https://api.semanticscholar.org/CorpusID:29238172}
}

@article{Lellep2021purely,
    title = {Purely elastic linear instabilities in parallel shear flows with free-slip boundary conditions},
    volume = {928},
    DOI = {10.1017/jfm.2021.840},
    journal = {Journal of Fluid Mechanics},
    author = {Lellep, Martin and Linkmann, Moritz and Eckhardt, Bruno and Morozov, Alexander},
    year = {2021},
    pages = {R3},
}


@misc{jhtdb,
  title = {The JHU Turbulence Databases (JHTDB) - TRANSITIONAL BOUNDARY LAYER DATA SET},
  author = {Lee, J. and Zaki, T. A.},
  year = {2020},
  url = {https://turbulence.pha.jhu.edu/}
}


@article{schmidt2009distilling,
  title = {Distilling Free-Form Natural Laws from Experimental Data},
  author = {Schmidt, Michael and Lipson, Hod},
  journal = {Science},
  pages = {81-85},
  year = {2009},
  doi = {10.1126/science.1165893},
  url = {https://www.science.org/doi/10.1126/science.1165893}
}

@article{cranmer2020lagrangian,
  title = {Lagrangian Neural Networks},
  author = {Cranmer, Miles and Greydanus, Sam and Hoyer, Stephan and Battaglia, Peter and Spergel, David and Ho, Shirley},
  journal = {arXiv preprint arXiv:2003.04630},
  year = {2020},
  eprint = {2003.04630},
  archivePrefix = {arXiv},
  primaryClass = {cs.LG},
  url = {http://arxiv.org/abs/2003.04630}
}

@article{cranmer2020discovering,
  title = {Discovering Symbolic Models from Deep Learning with Inductive Biases},
  author = {Cranmer, Miles and Sanchez-Gonzalez, Alvaro and Battaglia, Peter and Xu, Rui and Cranmer, Kyle and Spergel, David and Ho, Shirley},
  journal = {arXiv preprint arXiv:2006.11287},
  year = {2020},
  eprint = {2006.11287},
  archivePrefix = {arXiv},
  primaryClass = {cs.LG},
  url = {https://arxiv.org/abs/2006.11287}
}

@article{lejarza2022data,
  title = {Data-driven discovery of the governing equations of dynamical systems via moving horizon optimization},
  author = {Lejarza, Fernando and Baldea, Michael},
  journal = {Scientific Reports},
  volume = {12},
  number = {1},
  pages = {11836},
  year = {2022},
  doi = {10.1038/s41598-022-13644-w},
  url = {https://www.nature.com/articles/s41598-022-13644-w}
}

@article{brunton2016discovering,
  title = {Discovering governing equations from data: Sparse identification of nonlinear dynamical systems},
  author = {Brunton, Steven L. and Proctor, Joshua L. and Kutz, J. Nathan},
  journal = {Proceedings of the National Academy of Sciences},
  volume = {113},
  number = {15},
  pages = {3932--3937},
  year = {2016},
  doi = {10.1073/pnas.1517384113},
  url = {https://doi.org/10.1073/pnas.1517384113}
}

@article{portwood2016robust,
  title={Robust identification of dynamically distinct regions in stratified turbulence},
  volume={807},
  DOI={10.1017/jfm.2016.617},
  journal={Journal of Fluid Mechanics},
  author={Portwood, G. D. and de Bruyn Kops, S. M. and Taylor, J. R. and Salehipour, H. and Caulfield, C. P.},
  year={2016},
  pages={R2}
}

@article{lee2018detection,
  title = {Detection algorithm for turbulent interfaces and large-scale structures in intermittent flows},
  author = {Lee, Jin and Zaki, Tamer A.},
  journal = {Computers \& Fluids},
  volume = {175},
  pages = {142--158},
  year = {2018},
  doi = {10.1016/j.compfluid.2018.08.015},
  url = {https://doi.org/10.1016/j.compfluid.2018.08.015}
}

@article{sonnewald2019unsupervised,
  title = {Unsupervised learning reveals geography of global ocean dynamical regions},
  author = {Sonnewald, Matthias and Wunsch, Carl and Heimbach, Patrick},
  journal = {Earth and Space Science},
  volume = {6},
  pages = {784--794},
  year = {2019},
  doi = {10.1029/2018EA000519},
  url = {https://doi.org/10.1029/2018EA000519}
}

@article{yano2009scale,
  title = {Scale Analysis for Large-Scale Tropical Atmospheric Dynamics},
  author = {Yano, Jun-Ichi and Bonazzola, M.},
  journal = {Journal of Atmospheric Sciences},
  volume = {66},
  pages = {159--172},
  year = {2009},
  doi = {10.1175/2008JAS2687.1},
  url = {https://doi.org/10.1175/2008JAS2687.1}
}

@incollection{charney1990scale,
  title = {On the Scale of Atmospheric Motions},
  author = {Charney, J.G.},
  booktitle = {The Atmosphere — A Challenge},
  editor = {Lindzen, R.S. and Lorenz, E.N. and Platzman, G.W.},
  year = {1990},
  publisher = {American Meteorological Society},
  address = {Boston, MA},
  doi = {10.1007/978-1-944970-35-2_14},
  url = {https://doi.org/10.1007/978-1-944970-35-2_14}
}

@article{burger1958scale,
  title = {Scale Consideration of Planetary Motions of the Atmosphere},
  author = {Burger, A. P.},
  journal = {Tellus},
  volume = {10},
  number = {2},
  pages = {195--205},
  year = {1958},
  doi = {10.3402/tellusa.v10i2.9236},
  url = {https://doi.org/10.3402/tellusa.v10i2.9236}
}


@article{phillips1963geostrophic,
  title = {Geostrophic motion},
  author = {Phillips, Norman A.},
  journal = {Reviews of Geophysics},
  volume = {1},
  issue = {2},
  pages = {123--176},
  year = {1963},
  doi = {10.1029/RG001i002p00123}
}

@article{charney1947dynamics,
  title = {The Dynamics of Long Waves in a Baroclinic Westerly Current},
  author = {Charney, J. G.},
  journal = {Journal of Atmospheric Sciences},
  volume = {4},
  pages = {136--162},
  year = {1947},
  doi = {10.1175/1520-0469(1947)004<0136:TDOLWI>2.0.CO;2},
  url = {https://doi.org/10.1175/1520-0469(1947)004<0136:TDOLWI>2.0.CO;2}
}


@article{dempster1977maximum,
  title = {Maximum Likelihood from Incomplete Data via the EM Algorithm},
  author = {Dempster, A. P. and Laird, N. M. and Rubin, D. B.},
  journal = {Journal of the Royal Statistical Society. Series B (Methodological)},
  volume = {39},
  number = {1},
  pages = {1--38},
  year = {1977},
  doi = {10.1111/j.2517-6161.1977.tb01600.x},
}

@misc{mit2015algorithmic,
  title = {Algorithmic Aspects of Machine Learning},
  chapter = {6},
  chaptertitle = {Gaussian Mixture Models},
  author = {Ankur Moitra},
  year = {2015},
  howpublished = {\url{https://ocw.mit.edu/courses/18-409-algorithmic-aspects-of-machine-learning-spring-2015/e339520c4069ca5e785b29a3c604470e_MIT18_409S15_chapp6.pdf}}
}

@misc{sklearnGMM,
title = {Scikit-learn: Machine Learning in Python},
author = {{Pedregosa, F. and Varoquaux, G. and Gramfort, A. and Michel, V. and Thirion, B. and Grisel, O. and Blondel, M. and Prettenhofer, P. and Weiss, R. and Dubourg, V. and Vanderplas, J. and Passos, A. and Cournapeau, D. and Brucher, M. and Perrot, M. and Duchesnay, E.}},
year = {2011},
howpublished = {\url{https://scikit-learn.org/stable/modules/mixture.html#gmm}}
}

@article{lever2017principal,
  title = {Principal component analysis},
  author = {Lever, Jake and Krzywinski, Martin and Altman, Naomi},
  journal = {Nature Methods},
  volume = {14},
  number = {7},
  pages = {641--642},
  year = {2017},
  doi = {10.1038/nmeth.4346},
  url = {https://doi.org/10.1038/nmeth.4346}
}

@article{zou2006sparse,
  title = {Sparse principal component analysis},
  author = {Zou, H. and Hastie, T. and Tibshirani, R.},
  journal = {Journal of Computational and Graphical Statistics},
  volume = {15},
  number = {2},
  pages = {265--286},
  year = {2006},
  doi = {10.1198/106186006X113430},
  url = {https://doi.org/10.1198/106186006X113430}
}

@misc{hycom,
  title = {HYCOM Gulf of Mexico 1/25° Analysis and Forecast System},
  author = {Chassignet, E. P. and Hurlburt, H. E. and Smedstad, O. M. and Halliwell, G. R. and Hogan, P. J. and Wallcraft, A. J. and Baraille, R. and Bleck, R. and Carton, J. A. and Cornillon, P. and Curchitser, E. and Danabasoglu, G. and Dukowicz, J. and Fujii, Y. and Griffies, S. M. and Hallberg, R. W. and Haney, R. L. and Karspeck, A. R. and Legg, S. and Little, C. M. and Miller, A. J. and Marsland, S. J. and Pirani, A. and Regan, H. and Scholz, C. A. and Smith, W. H. F. and Tolman, H. L. and Zaron, E. D.},
  year = {2009},
  url = {https://data.hycom.org/datasets/GOMu0.04/expt_50.1/data/netcdf/1993/}
}

@misc{nek5000setup,
  title = {Nek5000: An open-source spectral element code for high-order simulation of turbulent flows},
  chapter = {Case Files},
  author = {Fischer, P. F. and Lottes, J. W. and Kerkemeier, S. G. and Cary, A. and Merzari, E. and Obabko, A. and Siegel, A. and Moinier, P. and Vincent, P. and Vincenti, H. and others},
  year = {2019},
  url = {https://nek5000.github.io/NekDoc/quickstart.html#case-files}
}


@misc{finitediff,
  title = {Fundamentals of Numerical Computation},
  chapter = {10.3 Differentiation matrices},
  author = {T. Driscoll},
  url = {https://tobydriscoll.net/fnc-julia/bvp/diffmats.html}
}

@inproceedings{arthur2007kmeans,
  author = {Arthur, David and Vassilvitskii, Sergei},
  year = {2007},
  month = {01},
  pages = {1027-1035},
  title = {K-Means++: The Advantages of Careful Seeding},
  volume = {8},
  journal = {Proc. of the Annu. ACM-SIAM Symp. on Discrete Algorithms},
  doi = {10.1145/1283383.1283494}
}

@misc{scikit-learn,
  title = {Scikit-learn: Machine Learning in Python},
  author = {{Pedregosa, F. and Varoquaux, G. and Gramfort, A. and Michel, V. and Thirion, B. and Grisel, O. and Blondel, M. and Prettenhofer, P. and Weiss, R. and Dubourg, V. and Vanderplas, J. and Passos, A. and Cournapeau, D. and Brucher, M. and Perrot, M. and Duchesnay, E.}},
  year = {2011},
  howpublished = {\url{https://github.com/scikit-learn/scikit-learn/blob/2621573e60c295a435c62137c65ae787bf438e61/sklearn/mixture/_base.py#L507}}
}

@article{mairal2010online,
  title = {Online Dictionary Learning for Sparse Coding},
  author = {Mairal, Julien and Bach, Francis and Ponce, Jean and Sapiro, Guillermo},
  journal = {Journal of Machine Learning Research},
  volume = {11},
  pages = {2177--2208},
  year = {2010}
}

@article{jenatton2010structured,
  title = {Structured Sparse Principal Component Analysis},
  author = {Jenatton, Rodolphe and Obozinski, Guillaume and Bach, Francis},
  journal = {INRIA Willow Project, Laboratoire d’Informatique de l’Ecole Normale Superieure},
  address = {23, avenue d’Italie, 75214 Paris, France},
  year = {2010}
}

@article{gmm_towardsdatascience,
  title = {How to Code Gaussian Mixture Models from Scratch in Python},
  author = {Chen, Will},
  journal = {Towards Data Science},
  year = {2020},
  url = {https://towardsdatascience.com/how-to-code-gaussian-mixture-models-from-scratch-in-python-9e7975df5252}
}

@misc{pca_wikipedia,
  title = {Principal component analysis},
  author = {{Wikipedia contributors}},
  year = {2022},
  howpublished = {\url{https://en.wikipedia.org/wiki/Principal_component_analysis}}
}

@misc{joblib,
title = {joblib.Parallel},
author = {{joblib contributors}},
year = {2022},
howpublished = {\url{https://joblib.readthedocs.io/en/stable/generated/joblib.Parallel.html}}
}

@article{luxburg2007tutorial,
  title = {A Tutorial on Spectral Clustering},
  author = {von Luxburg, Ulrike},
  journal = {Statistics and Computing},
  volume = {17},
  number = {4},
  pages = {395--416},
  year = {2007},
  doi = {10.1007/s11222-007-9033-z},
  url = {https://doi.org/10.1007/s11222-007-9033-z}
}

@article{sid2018two,
  title = {Two-dimensional dynamics of elasto-inertial turbulence and its role in polymer drag reduction},
  author = {Sid, S. and Terrapon, V. E. and Dubief, Y.},
  journal = {Phys. Rev. Fluids},
  volume = {3},
  issue = {1},
  pages = {011301},
  numpages = {10},
  year = {2018},
  month = {Jan},
  publisher = {American Physical Society},
  doi = {10.1103/PhysRevFluids.3.011301},
  url = {https://link.aps.org/doi/10.1103/PhysRevFluids.3.011301}
}


@article{beneitez2024multistability,
  title = {Multistability of elasto-inertial two-dimensional channel flow},
  author = {Beneitez, Miguel and Page, Jacob and Dubief, Yves and Kerswell, Rich R.},
  journal = {J. Fluid Mech.},
  volume = {981},
  pages = {A30},
  year = {2024},
  doi = {10.1017/jfm.2024.50}
}
